@article{kuk1992mixture,
  title={A mixture model combining logistic regression with proportional hazards regression},
  author={Kuk, Anthony YC and Chen, Chen-Hsin},
  journal={Biometrika},
  volume={79},
  number={3},
  pages={531--541},
  year={1992},
  publisher={Oxford University Press}
}

@article{maller1995testing,
  title={Testing for the presence of immune or cured individuals in censored survival data},
  author={Maller, Ross A and Zhou, Sean},
  journal={Biometrics},
  pages={1197--1205},
  year={1995},
  publisher={JSTOR}
}

@article{maller1992estimating,
  title={Estimating the proportion of immunes in a censored sample},
  author={Maller, Ross A and Zhou, S},
  journal={Biometrika},
  volume={79},
  number={4},
  pages={731--739},
  year={1992},
  publisher={Oxford University Press}
}

@article{sy2000estimation,
  title={Estimation in a Cox proportional hazards cure model},
  author={Sy, Judy P and Taylor, Jeremy MG},
  journal={Biometrics},
  volume={56},
  number={1},
  pages={227--236},
  year={2000},
  publisher={Wiley Online Library}
}

@article{lu2004semiparametric,
  title={On semiparametric transformation cure models},
  author={Lu, Wenbin and Ying, Zhiliang},
  journal={Biometrika},
  volume={91},
  number={2},
  pages={331--343},
  year={2004},
  publisher={Oxford University Press}
}

@article{gray1989linear,
  title={A linear rank test for use when the main interest is in differences in cure rates},
  author={Gray, Robert J and Tsiatis, Anastasios A},
  journal={Biometrics},
  pages={899--904},
  year={1989},
  publisher={JSTOR}
}

@article{peng2000nonparametric,
  title={A nonparametric mixture model for cure rate estimation},
  author={Peng, Yingwei and Dear, Keith BG},
  journal={Biometrics},
  volume={56},
  number={1},
  pages={237--243},
  year={2000},
  publisher={Wiley Online Library}
}

@article{betensky2001nonparametric,
  title={Nonparametric estimation in a cure model with random cure times},
  author={Betensky, Rebecca A and Schoenfeld, David A},
  journal={Biometrics},
  volume={57},
  number={1},
  pages={282--286},
  year={2001},
  publisher={Wiley Online Library}
}

@article{tsodikov2002semi,
  title={Semi-parametric models of long-and short-term survival: an application to the analysis of breast cancer survival in Utah by age and stage},
  author={Tsodikov, Alexander},
  journal={Statistics in medicine},
  volume={21},
  number={6},
  pages={895--920},
  year={2002},
  publisher={Wiley Online Library}
}

@article{lam2005semiparametric,
  title={A semiparametric regression cure model with current status data},
  author={Lam, KF and Xue, Hongqi},
  journal={Biometrika},
  volume={92},
  number={3},
  pages={573--586},
  year={2005},
  publisher={Oxford University Press}
}

@article{yin2005cure,
  title={Cure rate models: a unified approach},
  author={Yin, Guosheng and Ibrahim, Joseph G},
  journal={Canadian Journal of Statistics},
  volume={33},
  number={4},
  pages={559--570},
  year={2005},
  publisher={Wiley Online Library}
}

@incollection{ibrahim2001cure,
  title={Cure rate models},
  author={Ibrahim, Joseph G and Chen, Ming-Hui and Sinha, Debajyoti},
  booktitle={Bayesian Survival Analysis},
  pages={155--207},
  year={2001},
  publisher={Springer}
}

@book{tsodikov1996stochastic,
  title={Stochastic models of tumor latency and their biostatistical applications},
  author={Tsodikov, Alexander D and Yakovlev, Andrei Yu and Asselain, B},
  volume={1},
  year={1996},
  publisher={World Scientific}
}
